<?xml version="1.0" encoding="UTF-8"?><record xmlns="http://www.loc.gov/MARC21/slim" xmlns:cinclude="http://apache.org/cocoon/include/1.0" xmlns:zs="http://www.loc.gov/zing/srw/">
  <leader>00529nz  a2200133n  4500</leader>
  <controlfield tag="001">nr 90002577 </controlfield>
  <controlfield tag="003">DLC</controlfield>
  <controlfield tag="005">19900225101514.9</controlfield>
  <controlfield tag="008">900222n| acannaab|          |a ana     c</controlfield>
  <datafield tag="010" ind1=" " ind2=" ">
    <subfield code="a">nr 90002577 </subfield>
  </datafield>
  <datafield tag="040" ind1=" " ind2=" ">
    <subfield code="a">NjP</subfield>
    <subfield code="c">NjP</subfield>
  </datafield>
  <datafield tag="110" ind1="2" ind2="0">
    <subfield code="a">Sociedad Económica de Amigos del País de Santa Cruz de Tenerife</subfield>
  </datafield>
  <datafield tag="410" ind1="2" ind2="0">
    <subfield code="a">Sociedad Económica de Santa Cruz de Tenerife</subfield>
  </datafield>
  <datafield tag="670" ind1=" " ind2=" ">
    <subfield code="a">Its Problemas de Canarias, 1906:</subfield>
    <subfield code="b">t.p. (Sociedad Económica de Amigos del País de Santa Cruz de Tenerife) p. 5 (Sociedad Económica de Santa Cruz de Tenerife)</subfield>
  </datafield>
</record>